<?xml version="1.0" encoding="UTF-8"?>
<collection xmlns:xsi="http://www.w3.org/2001/XMLSchema-instance" xsi:schemaLocation="http://www.loc.gov/MARC21/slim http://www.loc.gov/standards/marcxml/schema/MARC21slim.xsd" xmlns="http://www.loc.gov/MARC21/slim">
<record>
  <leader>02285cam a2200445Ma 4500</leader>
  <controlfield tag="001">3177719</controlfield>
  <controlfield tag="003">NNC</controlfield>
  <controlfield tag="005">20150210100539.0</controlfield>
  <controlfield tag="008">850624s1885    sy            000 0dara d</controlfield>
  <datafield tag="035" ind1=" " ind2=" ">
    <subfield code="9">AUC0356CU</subfield>
  </datafield>
  <datafield tag="035" ind1=" " ind2=" ">
    <subfield code="a">(OCoLC)ocn702189133</subfield>
  </datafield>
  <datafield tag="040" ind1=" " ind2=" ">
    <subfield code="a">CtY</subfield>
    <subfield code="c">YUS</subfield>
    <subfield code="d">OCLCF</subfield>
    <subfield code="d">EYM</subfield>
    <subfield code="d">IUL</subfield>
    <subfield code="d">OCLCO</subfield>
  </datafield>
  <datafield tag="019" ind1=" " ind2=" ">
    <subfield code="a">23483707</subfield>
  </datafield>
  <datafield tag="035" ind1=" " ind2=" ">
    <subfield code="a">(OCoLC)702189133</subfield>
    <subfield code="z">(OCoLC)23483707</subfield>
  </datafield>
  <datafield tag="050" ind1=" " ind2="4">
    <subfield code="a">PJ7653</subfield>
    <subfield code="b">.T5 1885</subfield>
  </datafield>
  <datafield tag="049" ind1=" " ind2=" ">
    <subfield code="a">ZCUA</subfield>
  </datafield>
  <datafield tag="100" ind1="1" ind2=" ">
    <subfield code="6">880-01</subfield>
    <subfield code="a">Thaʻālibī, ʻAbd al-Malik ibn Muḥammad,</subfield>
    <subfield code="d">961 or 962-1037 or 1038.</subfield>
  </datafield>
  <datafield tag="240" ind1="1" ind2="0">
    <subfield code="6">880-02</subfield>
    <subfield code="a">Yatīmat al-dahr.</subfield>
    <subfield code="f">1885</subfield>
  </datafield>
  <datafield tag="245" ind1="1" ind2="0">
    <subfield code="6">880-03</subfield>
    <subfield code="a">Yatīmat al-dahr fī shuʻarāʼ ahl al-ʻaṣr /</subfield>
    <subfield code="c">taʼlīf Abī Manṣūr ʻAbd al-Malik ibn Muḥammad ibn Ismāʻil al-Nīsābūrī al-Thaʻālibī.</subfield>
  </datafield>
  <datafield tag="260" ind1=" " ind2=" ">
    <subfield code="6">880-04</subfield>
    <subfield code="a">[Dimashq :</subfield>
    <subfield code="b">al-Maṭbaʻah al-Ḥifnīyah,</subfield>
    <subfield code="c">1885?]</subfield>
  </datafield>
  <datafield tag="300" ind1=" " ind2=" ">
    <subfield code="a">4 v. ;</subfield>
    <subfield code="c">23 cm.</subfield>
  </datafield>
  <datafield tag="336" ind1=" " ind2=" ">
    <subfield code="a">text</subfield>
    <subfield code="b">txt</subfield>
    <subfield code="2">rdacontent</subfield>
  </datafield>
  <datafield tag="337" ind1=" " ind2=" ">
    <subfield code="a">unmediated</subfield>
    <subfield code="b">n</subfield>
    <subfield code="2">rdamedia</subfield>
  </datafield>
  <datafield tag="338" ind1=" " ind2=" ">
    <subfield code="a">volume</subfield>
    <subfield code="b">nc</subfield>
    <subfield code="2">rdacarrier</subfield>
  </datafield>
  <datafield tag="650" ind1=" " ind2="0">
    <subfield code="a">Arabic poetry</subfield>
    <subfield code="y">750-1258</subfield>
    <subfield code="v">Early works to 1800.</subfield>
  </datafield>
  <datafield tag="650" ind1=" " ind2="0">
    <subfield code="a">Arabic poetry</subfield>
    <subfield code="y">750-1258</subfield>
    <subfield code="x">History and criticism</subfield>
    <subfield code="v">Early works to 1800.</subfield>
  </datafield>
  <datafield tag="650" ind1=" " ind2="0">
    <subfield code="a">Poets, Arab</subfield>
    <subfield code="v">Biography</subfield>
    <subfield code="v">Early works to 1800.</subfield>
  </datafield>
  <datafield tag="650" ind1=" " ind2="7">
    <subfield code="a">Arabic poetry.</subfield>
    <subfield code="2">fast</subfield>
    <subfield code="0">(OCoLC)fst00812533</subfield>
  </datafield>
  <datafield tag="650" ind1=" " ind2="7">
    <subfield code="a">Poets, Arab.</subfield>
    <subfield code="2">fast</subfield>
    <subfield code="0">(OCoLC)fst01067812</subfield>
  </datafield>
  <datafield tag="648" ind1=" " ind2="7">
    <subfield code="a">750 - 1258</subfield>
    <subfield code="2">fast</subfield>
  </datafield>
  <datafield tag="655" ind1=" " ind2="7">
    <subfield code="a">Biography.</subfield>
    <subfield code="2">fast</subfield>
    <subfield code="0">(OCoLC)fst01423686</subfield>
  </datafield>
  <datafield tag="655" ind1=" " ind2="7">
    <subfield code="a">Criticism, interpretation, etc.</subfield>
    <subfield code="2">fast</subfield>
    <subfield code="0">(OCoLC)fst01411635</subfield>
  </datafield>
  <datafield tag="655" ind1=" " ind2="7">
    <subfield code="a">Early works.</subfield>
    <subfield code="2">fast</subfield>
    <subfield code="0">(OCoLC)fst01411636</subfield>
  </datafield>
  <datafield tag="776" ind1="0" ind2="8">
    <subfield code="i">Online version:</subfield>
    <subfield code="a">Thaʻālibī, ʻAbd al-Malik ibn Muḥammad, 961 or 2-1037 or 8.</subfield>
    <subfield code="t">Yatīmat al-dahr fī shuʻarāʼ ahl al-ʻaṣr.</subfield>
    <subfield code="b">al-Ṭabʻah l.</subfield>
    <subfield code="d">[Dimashq : al-Maṭbaʻah al-Ḥifnīyah, 1885?-]</subfield>
    <subfield code="w">(OCoLC)558550015</subfield>
  </datafield>
  <datafield tag="880" ind1="1" ind2=" ">
    <subfield code="6">100-01/r</subfield>
    <subfield code="a">ثعالبي، عبد الملك بن محمد،</subfield>
    <subfield code="d">961 or 2-1037 or 8.</subfield>
  </datafield>
  <datafield tag="880" ind1="1" ind2="0">
    <subfield code="6">240-02/r</subfield>
    <subfield code="a">يتيمة الدهر.</subfield>
    <subfield code="f">1885</subfield>
  </datafield>
  <datafield tag="880" ind1="1" ind2="0">
    <subfield code="6">245-03/r</subfield>
    <subfield code="a">يتيمة الدهر في شعراء أهل العصر /</subfield>
    <subfield code="c">تأليف أبي منصور عبد الملك بن محمد بن إسمعيل النيسابوري الثعالبي.</subfield>
  </datafield>
  <datafield tag="880" ind1="3" ind2=" ">
    <subfield code="6">246-00/r</subfield>
    <subfield code="a">يتيمة الدهر في محاسن اهل العصر</subfield>
  </datafield>
  <datafield tag="880" ind1=" " ind2=" ">
    <subfield code="6">250-00/r</subfield>
    <subfield code="a">الطبعة ل.</subfield>
  </datafield>
  <datafield tag="880" ind1=" " ind2=" ">
    <subfield code="6">260-04/r</subfield>
    <subfield code="a">[دمشق :</subfield>
    <subfield code="b">المطبعة الحفنية،</subfield>
    <subfield code="c">؟1885]</subfield>
  </datafield>
  <datafield tag="955" ind1=" " ind2=" ">
    <subfield code="b">0315333841</subfield>
    <subfield code="d">glx</subfield>
    <subfield code="e">893.742 T32</subfield>
    <subfield code="v">v.3</subfield>
  </datafield>
</record>
</collection>